<?xml version="1.0" encoding="UTF-8"?><collection xmlns="http://www.loc.gov/MARC21/slim"><record><leader>00543nam--2200181-i-4500</leader><controlfield tag="001">000023860</controlfield><controlfield tag="002">20161230</controlfield><controlfield tag="005">20161230201035</controlfield><controlfield tag="008">060222s1000------------r-----000-0-fre-d</controlfield><datafield ind1=" " ind2=" " tag="040"><subfield code="a">IFIN-HH</subfield></datafield><datafield ind1=" " ind2=" " tag="041"><subfield code="a">fre</subfield></datafield><datafield ind1=" " ind2=" " tag="080"><subfield code="a">537.525.7(043)</subfield></datafield><datafield ind1="1" ind2=" " tag="100"><subfield code="a">Grolleau, Bernard</subfield></datafield><datafield ind1="1" ind2="0" tag="245"><subfield code="a">Etude d`une decharge en haute frequence dans l`hydrogene en presence d`un champ magnetique transversal</subfield><subfield code="b">These</subfield><subfield code="c">Bernard grolleau</subfield></datafield><datafield ind1=" " ind2=" " tag="260"><subfield code="a">Nantes</subfield><subfield code="b">Universite De Nantes</subfield><subfield code="c">1973</subfield></datafield><datafield ind1=" " ind2=" " tag="300"><subfield code="a">173P</subfield></datafield><datafield ind1=" " ind2=" " tag="852"><subfield code="a">46362</subfield><subfield code="c">537:538</subfield></datafield><datafield ind1=" " ind2=" " tag="CAT"><subfield code="a">Sys</subfield><subfield code="c">20110622</subfield><subfield code="h">141804</subfield></datafield></record></collection>